@misc{jee-webservices,
	author = "Oracle",
	year = "2013",
	title  = "The Java EE 6 Tutorial",
	howpublished = "\url{http://docs.oracle.com/javaee/6/tutorial/doc/gijti.html}",
	note = "[last accessed on 4/16/2015]"
}

@misc{apache,
	author = "The Apache Software Foundation",
	year = "2014",
	title  = "Apache Web Services",
	howpublished = "\url{http://ws.apache.org/}",
	note = "[last accessed on 4/16/2015]"
}

@misc{axis,
	author = "The Apache Software Foundation",
	year = "2012",
	title  = "Welcome to Apache Axis2/Java",
	howpublished = "\url{http://axis.apache.org http://axis.apache.org/axis2/java/core/}",
	note = "[last accessed on 4/16/2015]"
}

@misc{jax-ws-in-axis2,
	author = "DSosnoski",
	year = "2009",
	title  = "Java Web services: JAXB and JAX-WS in Axis2",
	howpublished = "\url{http://www.ibm.com/developerworks/java/library/j-jws8/index.html}",
	note = "[last accessed on 4/16/2015]"
}

@misc{jax-ws-example,
	author = "mkyong",
	year = "2015",
	title  = "JAX-WS Hello World Example â€“ RPC Style",
	howpublished = "\url{http://www.mkyong.com/webservices/jax-ws/jax-ws-hello-world-example/}",
	note = "[last accessed on 4/16/2015]"
}
